ISA*00* *00* *01*123456789 *12*9999697299 *150524*1200*U*00401*000000001*0*T*>~
GS*RA*123456789*9999697299*150524*120050*1*X*004010~
ST*820*0001~
BPR*I*0.00*C*ZZZ~
CUR*VN*USD~
DTM*999*20150524~
N1*PE*Department A*G*656162~
N1*PR*CompanyA.com*PI*2677~
ENT*1~
RMR*PO*554681037*PI*10.49~
REF*1J*65616202*Department A Greenville UT~
DTM*173*20150523~
RMR*PO*554841872*PI*17.99~
REF*1J*65616202*Department A Greenville UT~
DTM*173*20150523~
RMR*PO*554719617*PI*8.98~
REF*1J*65616203*Department A Greenville UT~
DTM*173*20150523~
RMR*PO*554648526*PI*20.24~
REF*1J*65616203*Department A Greenville UT~
DTM*173*20150523~
SE*20*0001~
GE*1*1~
IEA*1*000000001~
